<record><leader>00000cas a22000007a 4500</leader><controlfield tag="001">13847630</controlfield><controlfield tag="008">860710d19171980mtuwr ne      0    0eng d</controlfield><datafield ind1=" " ind2=" " tag="010"><subfield code="a">sn 86075262 </subfield></datafield><datafield ind1=" " ind2=" " tag="040"><subfield code="a">MTL</subfield><subfield code="b">eng</subfield><subfield code="c">MTL</subfield><subfield code="d">OCLCQ</subfield></datafield><datafield ind1=" " ind2=" " tag="042"><subfield code="a">msc</subfield></datafield><datafield ind1="0" ind2="4" tag="245"><subfield code="a">The Park County news.</subfield></datafield><datafield ind1=" " ind2=" " tag="260"><subfield code="a">Livingston, Mont. :</subfield><subfield code="b">Hammond Print. Co.,</subfield><subfield code="c">1917-1980.</subfield></datafield><datafield ind1=" " ind2=" " tag="300"><subfield code="a">63 v. :</subfield><subfield code="b">ill.</subfield></datafield><datafield ind1=" " ind2=" " tag="310"><subfield code="a">Weekly</subfield></datafield><datafield ind1="0" ind2=" " tag="362"><subfield code="a">Vol. 1, no. 1 (Nov. 2, 1917)-63rd year, no. 34 (July 14, 1980).</subfield></datafield><datafield ind1=" " ind2=" " tag="752"><subfield code="a">United States</subfield><subfield code="b">Montana</subfield><subfield code="c">Park</subfield><subfield code="d">Livingston.</subfield></datafield><datafield ind1="0" ind2="5" tag="780"><subfield code="t">Shields Valley record-herald</subfield><subfield code="g">Jan. 2, 1925</subfield><subfield code="w">(DLC)sn 85053019</subfield></datafield></record>